@Book{EJSMONT,
author={A. Ejsmont},
title={Web Scalability for Startup Engineers},
publisher={McGraw-Hill Education},
year={2015},
volume={1 ed.}
}

@mastersthesis{SOUZAB,
author={B. Souza},
title={Uma extensão do método OOWS para linha de produto de Software},
school={Universidade Estadual de Maringá},
address={Maringá - PR},
pages={135},
year={2008},
type={Dissertação de mestrado em Ciência da Computação},
}

@Book{BANKSEPORCELLO,
author={A. Banks and E. Porcello},
title={Learning React},
publisher={O'Reilly},
year={2020},
volume={2 ed.}
}

@Book{DIOGORESENDE,
author={Diogo Resende},
title={Node.js High Performance},
publisher={Packt Publishing Ltd},
year={2015},
volume={1 ed.}
}

@Book{RSL,
author={B. Kitchenham and S. Charters},
title={Guidelines for performing systematic literature reviews in software engineering},
publisher={EBSE Technical Report},
year={2007},
volume={Ver. 2.3}
}